<?xml version = "1.0" encoding = "UTF-8"?><record>
    <leader>02062nas#a2200541#c#4500</leader>
    <controlfield tag="005">20210409033012.0</controlfield>
    <controlfield tag="007">tu</controlfield>
    <controlfield tag="008">101116m20059999gw#a|#p#######|####|ger#c</controlfield>
    <controlfield tag="003">DE-605</controlfield>
    <controlfield tag="001">990183054020206441</controlfield>
    <datafield tag="015" ind1=" " ind2=" ">
      <subfield code="a">10,B49</subfield>
      <subfield code="2">dnb</subfield>
    </datafield>
    <datafield tag="016" ind1="7" ind2=" ">
      <subfield code="a">1008326801</subfield>
      <subfield code="2">DE-101b</subfield>
    </datafield>
    <datafield tag="016" ind1="7" ind2=" ">
      <subfield code="a">2581964-1</subfield>
      <subfield code="2">DE-600</subfield>
    </datafield>
    <datafield tag="016" ind1="7" ind2=" ">
      <subfield code="a">724687131</subfield>
      <subfield code="2">OCoLC</subfield>
    </datafield>
    <datafield tag="035" ind1=" " ind2=" ">
      <subfield code="a">(DE-605)HT016604323</subfield>
    </datafield>
    <datafield tag="040" ind1=" " ind2=" ">
      <subfield code="a">0006</subfield>
      <subfield code="b">ger</subfield>
      <subfield code="c">DNB</subfield>
      <subfield code="d">0006</subfield>
    </datafield>
    <datafield tag="041" ind1=" " ind2=" ">
      <subfield code="a">ger</subfield>
    </datafield>
    <datafield tag="044" ind1=" " ind2=" ">
      <subfield code="c">XA-DE</subfield>
    </datafield>
    <datafield tag="084" ind1=" " ind2=" ">
      <subfield code="a">360</subfield>
      <subfield code="a">610</subfield>
      <subfield code="q">DE-101</subfield>
      <subfield code="2">sdnb</subfield>
    </datafield>
    <datafield tag="084" ind1=" " ind2=" ">
      <subfield code="a">610</subfield>
      <subfield code="q">DE-600</subfield>
      <subfield code="2">zdbs</subfield>
    </datafield>
    <datafield tag="084" ind1=" " ind2=" ">
      <subfield code="a">04</subfield>
      <subfield code="2">nwbib</subfield>
    </datafield>
    <datafield tag="084" ind1=" " ind2=" ">
      <subfield code="a">534000</subfield>
      <subfield code="2">nwbib</subfield>
    </datafield>
    <datafield tag="110" ind1="2" ind2=" ">
      <subfield code="a">PsychiatrieVerbund Westfalen</subfield>
      <subfield code="b">Beschwerdekommission</subfield>
      <subfield code="0">(DE-588)16090142-X</subfield>
      <subfield code="4">aut</subfield>
      <subfield code="0">(uri) https://portal.dnb.de/opac.htm?method=simpleSearch&amp;cqlMode=true&amp;query=idn=1008326275</subfield>
      <subfield code="0">(uri) http://viaf.org/viaf/sourceID/DNB|1008326275</subfield>
      <subfield code="B">GND-1008326275</subfield>
    </datafield>
    <datafield tag="245" ind1="1" ind2="0">
      <subfield code="a">Bericht der Beschwerdekommission</subfield>
      <subfield code="b">f&#252;r das Jahr ...</subfield>
      <subfield code="c">Hrsg.: Landschaftsverband Westfalen-Lippe, LWL-Abteilung f&#252;r Krankenh&#228;user und Gesundheitswesen, LWL-PsychiatrieVerbund Westfalen</subfield>
    </datafield>
    <datafield tag="246" ind1="3" ind2=" ">
      <subfield code="a">LWL - f&#252;r die Menschen. F&#252;r Westfalen-Lippe</subfield>
    </datafield>
    <datafield tag="246" ind1="1" ind2=" ">
      <subfield code="i">Nebent.:</subfield>
      <subfield code="a">LWL - f&#252;r die Menschen. F&#252;r Westfalen-Lippe</subfield>
    </datafield>
    <datafield tag="264" ind1="3" ind2="1">
      <subfield code="a">M&#252;nster</subfield>
      <subfield code="b">Landschaftsverb. Westfalen-Lippe</subfield>
      <subfield code="c">2005-</subfield>
      <subfield code="3">2005-</subfield>
    </datafield>
    <datafield tag="300" ind1=" " ind2=" ">
      <subfield code="c">30 cm</subfield>
    </datafield>
    <datafield tag="336" ind1=" " ind2=" ">
      <subfield code="b">txt</subfield>
    </datafield>
    <datafield tag="337" ind1=" " ind2=" ">
      <subfield code="b">n</subfield>
    </datafield>
    <datafield tag="338" ind1=" " ind2=" ">
      <subfield code="b">nc</subfield>
    </datafield>
    <datafield tag="362" ind1="0" ind2=" ">
      <subfield code="a">2004(2005) -</subfield>
    </datafield>
    <datafield tag="363" ind1="0" ind2="1">
      <subfield code="8">1.1\x</subfield>
      <subfield code="i">2004</subfield>
    </datafield>
    <datafield tag="515" ind1=" " ind2=" ">
      <subfield code="a">Ersch. j&#228;hrl.</subfield>
    </datafield>
    <datafield tag="655" ind1=" " ind2="7">
      <subfield code="a">Zeitschrift</subfield>
      <subfield code="0">(DE-588)4067488-5</subfield>
      <subfield code="2">gnd-content</subfield>
    </datafield>
    <datafield tag="655" ind1=" " ind2="7">
      <subfield code="a">Bericht</subfield>
      <subfield code="0">(DE-588)4128022-2</subfield>
      <subfield code="2">gnd-content</subfield>
    </datafield>
    <datafield tag="689" ind1="0" ind2="0">
      <subfield code="a">PsychiatrieVerbund Westfalen</subfield>
      <subfield code="b">Beschwerdekommission</subfield>
      <subfield code="D">b</subfield>
      <subfield code="0">(DE-588)16090142-X</subfield>
      <subfield code="0">(uri) https://portal.dnb.de/opac.htm?method=simpleSearch&amp;cqlMode=true&amp;query=idn=1008326275</subfield>
      <subfield code="0">(uri) http://viaf.org/viaf/sourceID/DNB|1008326275</subfield>
      <subfield code="B">GND-1008326275</subfield>
    </datafield>
    <datafield tag="689" ind1="0" ind2="1">
      <subfield code="a">Bericht</subfield>
      <subfield code="A">f</subfield>
    </datafield>
    <datafield tag="689" ind1="0" ind2=" ">
      <subfield code="5">DE-6</subfield>
      <subfield code="5">DE-605</subfield>
    </datafield>
    <datafield tag="710" ind1="2" ind2=" ">
      <subfield code="a">Landschaftsverband Westfalen-Lippe</subfield>
      <subfield code="0">(DE-588)1204095035</subfield>
      <subfield code="4">isb</subfield>
      <subfield code="0">(uri) https://portal.dnb.de/opac.htm?method=simpleSearch&amp;cqlMode=true&amp;query=idn=1204095035</subfield>
      <subfield code="0">(uri) http://viaf.org/viaf/sourceID/DNB|1204095035</subfield>
      <subfield code="B">GND-1204095035</subfield>
    </datafield>
    <datafield tag="776" ind1="0" ind2="8">
      <subfield code="i">Online-Ausg.</subfield>
      <subfield code="a">PsychiatrieVerbund Westfalen / Beschwerdekommission</subfield>
      <subfield code="t">Bericht der Beschwerdekommission / PsychiatrieVerbund Westfalen, Beschwerdekommission</subfield>
      <subfield code="d">M&#252;nster, 2005-</subfield>
      <subfield code="h">Online-Ressource</subfield>
      <subfield code="w">(DE-605)HT017233564</subfield>
    </datafield>
    <datafield tag="960" ind1="1" ind2=" ">
      <subfield code="n">NWBib-6</subfield>
    </datafield>
    <datafield tag="964" ind1="0" ind2="s">
      <subfield code="F">030</subfield>
      <subfield code="A">a||u|||||||27</subfield>
    </datafield>
    <datafield tag="964" ind1="0" ind2="s">
      <subfield code="F">050</subfield>
      <subfield code="A">a|a|||||||||||</subfield>
    </datafield>
    <datafield tag="964" ind1="0" ind2="s">
      <subfield code="F">052</subfield>
      <subfield code="A">p||||||aa||||||</subfield>
    </datafield>
    <datafield tag="035" ind1=" " ind2=" ">
      <subfield code="a">(DE-600)2581964-1</subfield>
    </datafield>
    <datafield tag="035" ind1=" " ind2=" ">
      <subfield code="a">(OCoLC)724687131</subfield>
      <subfield code="0">(uri) http://www.worldcat.org/oclc/724687131</subfield>
    </datafield>
    <datafield tag="035" ind1=" " ind2=" ">
      <subfield code="a">(DE-599)ZDB2581964-1</subfield>
    </datafield>
    <datafield tag="MBD" ind1=" " ind2=" ">
      <subfield code="M">49HBZ_NETWORK</subfield>
      <subfield code="i">990183054020206441</subfield>
      <subfield code="n">HBZ Network</subfield>
    </datafield>
    <datafield tag="MNG" ind1=" " ind2=" ">
      <subfield code="c">System</subfield>
      <subfield code="f">ILS</subfield>
      <subfield code="i">marc21</subfield>
      <subfield code="k">01</subfield>
      <subfield code="e">false</subfield>
      <subfield code="d">2022-07-09 04:36:18 Europe/Berlin</subfield>
      <subfield code="g">018305402-HBZ01</subfield>
      <subfield code="j">90</subfield>
      <subfield code="a">import</subfield>
      <subfield code="b">2021-04-05 20:48:53 Europe/Berlin</subfield>
    </datafield>
    <datafield tag="GSI" ind1="7" ind2=" ">
      <subfield code="a">16090142-X</subfield>
      <subfield code="0">http://d-nb.info/gnd/16090142-X</subfield>
      <subfield code="2">gnd</subfield>
      <subfield code="A">GND</subfield>
      <subfield code="B">GND-1008326275</subfield>
      <subfield code="C">024</subfield>
    </datafield>
    <datafield tag="GKT" ind1="2" ind2=" ">
      <subfield code="a">Landschaftsverband Westfalen-Lippe (LWL)</subfield>
      <subfield code="A">GND</subfield>
      <subfield code="B">GND-1204095035</subfield>
      <subfield code="C">410</subfield>
    </datafield>
    <datafield tag="GKT" ind1="2" ind2=" ">
      <subfield code="a">Landschaftsverband Westfalen-Lippe in M&#252;nster</subfield>
      <subfield code="A">GND</subfield>
      <subfield code="B">GND-1204095035</subfield>
      <subfield code="C">410</subfield>
    </datafield>
    <datafield tag="GKT" ind1="2" ind2=" ">
      <subfield code="a">LWL</subfield>
      <subfield code="4">abku</subfield>
      <subfield code="i">Abkuerzung</subfield>
      <subfield code="A">GND</subfield>
      <subfield code="B">GND-1204095035</subfield>
      <subfield code="C">410</subfield>
    </datafield>
    <datafield tag="GKT" ind1="2" ind2=" ">
      <subfield code="a">Regional Association of Westphalia-Lippe</subfield>
      <subfield code="A">GND</subfield>
      <subfield code="B">GND-1204095035</subfield>
      <subfield code="C">410</subfield>
    </datafield>
    <datafield tag="GKT" ind1="2" ind2=" ">
      <subfield code="a">Westphalia-Lippe Regional Association</subfield>
      <subfield code="A">GND</subfield>
      <subfield code="B">GND-1204095035</subfield>
      <subfield code="C">410</subfield>
    </datafield>
    <datafield tag="GKT" ind1="2" ind2=" ">
      <subfield code="a">F&#233;d&#233;ration r&#233;gionale de la Westphalie-Lippe</subfield>
      <subfield code="A">GND</subfield>
      <subfield code="B">GND-1204095035</subfield>
      <subfield code="C">410</subfield>
    </datafield>
    <datafield tag="GKT" ind1="2" ind2=" ">
      <subfield code="a">Regional Federation of Westphalia-Lippe</subfield>
      <subfield code="A">GND</subfield>
      <subfield code="B">GND-1204095035</subfield>
      <subfield code="C">410</subfield>
    </datafield>
    <datafield tag="GKT" ind1="2" ind2=" ">
      <subfield code="a">Landschaftsverband Westfalen-Lippe</subfield>
      <subfield code="b">Landeshaus</subfield>
      <subfield code="4">spio</subfield>
      <subfield code="i">Spitzenorgan</subfield>
      <subfield code="A">GND</subfield>
      <subfield code="B">GND-1204095035</subfield>
      <subfield code="C">410</subfield>
    </datafield>
    <datafield tag="GKT" ind1="2" ind2=" ">
      <subfield code="a">Landschaftsverband Westfalen-Lippe</subfield>
      <subfield code="b">Landesversammlung</subfield>
      <subfield code="4">spio</subfield>
      <subfield code="i">Spitzenorgan</subfield>
      <subfield code="A">GND</subfield>
      <subfield code="B">GND-1204095035</subfield>
      <subfield code="C">410</subfield>
    </datafield>
    <datafield tag="GKT" ind1="2" ind2=" ">
      <subfield code="a">Landschaftsverband Westfalen-Lippe</subfield>
      <subfield code="b">Landschaftsversammlung</subfield>
      <subfield code="4">spio</subfield>
      <subfield code="i">Spitzenorgan</subfield>
      <subfield code="A">GND</subfield>
      <subfield code="B">GND-1204095035</subfield>
      <subfield code="C">410</subfield>
    </datafield>
    <datafield tag="GKT" ind1="2" ind2=" ">
      <subfield code="a">Landschaftsverband Westfalen-Lippe</subfield>
      <subfield code="b">Pressestelle</subfield>
      <subfield code="4">spio</subfield>
      <subfield code="i">Spitzenorgan</subfield>
      <subfield code="A">GND</subfield>
      <subfield code="B">GND-1204095035</subfield>
      <subfield code="C">410</subfield>
    </datafield>
    <datafield tag="GKT" ind1="2" ind2=" ">
      <subfield code="a">Landschaftsverband Westfalen-Lippe</subfield>
      <subfield code="b">Abteilung Erholungs- und Heilf&#252;rsorge</subfield>
      <subfield code="4">spio</subfield>
      <subfield code="i">Spitzenorgan</subfield>
      <subfield code="A">GND</subfield>
      <subfield code="B">GND-1204095035</subfield>
      <subfield code="C">410</subfield>
    </datafield>
    <datafield tag="GKT" ind1="2" ind2=" ">
      <subfield code="a">Landschaftsverband Westfalen-Lippe</subfield>
      <subfield code="b">Abteilung Gesundheitswesen</subfield>
      <subfield code="4">spio</subfield>
      <subfield code="i">Spitzenorgan</subfield>
      <subfield code="A">GND</subfield>
      <subfield code="B">GND-1204095035</subfield>
      <subfield code="C">410</subfield>
    </datafield>
    <datafield tag="GKT" ind1="2" ind2=" ">
      <subfield code="a">Landschaftsverband Westfalen-Lippe</subfield>
      <subfield code="b">Statistische Abteilung</subfield>
      <subfield code="4">spio</subfield>
      <subfield code="i">Spitzenorgan</subfield>
      <subfield code="A">GND</subfield>
      <subfield code="B">GND-1204095035</subfield>
      <subfield code="C">410</subfield>
    </datafield>
    <datafield tag="GKT" ind1="2" ind2=" ">
      <subfield code="a">Landschaftsverband Westfalen-Lippe</subfield>
      <subfield code="b">Haupt- und Personalabteilung</subfield>
      <subfield code="4">spio</subfield>
      <subfield code="i">Spitzenorgan</subfield>
      <subfield code="A">GND</subfield>
      <subfield code="B">GND-1204095035</subfield>
      <subfield code="C">410</subfield>
    </datafield>
    <datafield tag="GKT" ind1="2" ind2=" ">
      <subfield code="a">Landschaftsverband Westfalen-Lippe</subfield>
      <subfield code="b">Gesundheitsabteilung</subfield>
      <subfield code="4">spio</subfield>
      <subfield code="i">Spitzenorgan</subfield>
      <subfield code="A">GND</subfield>
      <subfield code="B">GND-1204095035</subfield>
      <subfield code="C">410</subfield>
    </datafield>
    <datafield tag="GKT" ind1="2" ind2=" ">
      <subfield code="a">Landschaftsverband Westfalen-Lippe</subfield>
      <subfield code="b">Abteilung Sozialhilfe und Sonderschulen</subfield>
      <subfield code="4">spio</subfield>
      <subfield code="i">Spitzenorgan</subfield>
      <subfield code="A">GND</subfield>
      <subfield code="B">GND-1204095035</subfield>
      <subfield code="C">410</subfield>
    </datafield>
    <datafield tag="GKT" ind1="2" ind2=" ">
      <subfield code="a">Landschaftsverband Westfalen-Lippe</subfield>
      <subfield code="b">Landesdirektor</subfield>
      <subfield code="4">spio</subfield>
      <subfield code="i">Spitzenorgan</subfield>
      <subfield code="A">GND</subfield>
      <subfield code="B">GND-1204095035</subfield>
      <subfield code="C">410</subfield>
    </datafield>
    <datafield tag="GKT" ind1="2" ind2=" ">
      <subfield code="a">Landschaftsverband Westfalen-Lippe</subfield>
      <subfield code="b">Abteilung Kulturpflege</subfield>
      <subfield code="4">spio</subfield>
      <subfield code="i">Spitzenorgan</subfield>
      <subfield code="A">GND</subfield>
      <subfield code="B">GND-1204095035</subfield>
      <subfield code="C">410</subfield>
    </datafield>
    <datafield tag="GKT" ind1="2" ind2=" ">
      <subfield code="a">Landschaftsverband Westfalen-Lippe</subfield>
      <subfield code="b">Abteilung Gesundheitswesen, Erholungs- und Heilf&#252;rsorge</subfield>
      <subfield code="4">spio</subfield>
      <subfield code="i">Spitzenorgan</subfield>
      <subfield code="A">GND</subfield>
      <subfield code="B">GND-1204095035</subfield>
      <subfield code="C">410</subfield>
    </datafield>
    <datafield tag="GKT" ind1="2" ind2=" ">
      <subfield code="a">Landschaftsverband Westfalen-Lippe</subfield>
      <subfield code="b">Dezernat</subfield>
      <subfield code="g">50</subfield>
      <subfield code="4">spio</subfield>
      <subfield code="i">Spitzenorgan</subfield>
      <subfield code="A">GND</subfield>
      <subfield code="B">GND-1204095035</subfield>
      <subfield code="C">410</subfield>
    </datafield>
    <datafield tag="GKT" ind1="2" ind2=" ">
      <subfield code="a">Landschaftsverband Westfalen-Lippe</subfield>
      <subfield code="b">Westfalenparlament</subfield>
      <subfield code="4">spio</subfield>
      <subfield code="i">Spitzenorgan</subfield>
      <subfield code="A">GND</subfield>
      <subfield code="B">GND-1204095035</subfield>
      <subfield code="C">410</subfield>
    </datafield>
    <datafield tag="GKT" ind1="2" ind2=" ">
      <subfield code="a">Landschaftsverband Westfalen-Lippe</subfield>
      <subfield code="b">Finanzabteilung</subfield>
      <subfield code="4">spio</subfield>
      <subfield code="i">Spitzenorgan</subfield>
      <subfield code="A">GND</subfield>
      <subfield code="B">GND-1204095035</subfield>
      <subfield code="C">410</subfield>
    </datafield>
    <datafield tag="GKT" ind1="2" ind2=" ">
      <subfield code="a">Landschaftsverband Westfalen-Lippe</subfield>
      <subfield code="b">Abteilung f&#252;r Krankenh&#228;user und Gesundheitswesen</subfield>
      <subfield code="4">spio</subfield>
      <subfield code="i">Spitzenorgan</subfield>
      <subfield code="A">GND</subfield>
      <subfield code="B">GND-1204095035</subfield>
      <subfield code="C">410</subfield>
    </datafield>
    <datafield tag="GKT" ind1="2" ind2=" ">
      <subfield code="a">LWL-Abteilung f&#252;r Krankenh&#228;user und Gesundheitswesen</subfield>
      <subfield code="4">spio</subfield>
      <subfield code="i">Spitzenorgan</subfield>
      <subfield code="A">GND</subfield>
      <subfield code="B">GND-1204095035</subfield>
      <subfield code="C">410</subfield>
    </datafield>
    <datafield tag="GSI" ind1="7" ind2=" ">
      <subfield code="a">1204095035</subfield>
      <subfield code="0">http://d-nb.info/gnd/1204095035</subfield>
      <subfield code="2">gnd</subfield>
      <subfield code="A">GND</subfield>
      <subfield code="B">GND-1204095035</subfield>
      <subfield code="C">024</subfield>
    </datafield>
    <datafield tag="GSI" ind1="7" ind2=" ">
      <subfield code="a">16090142-X</subfield>
      <subfield code="0">http://d-nb.info/gnd/16090142-X</subfield>
      <subfield code="2">gnd</subfield>
      <subfield code="A">GND</subfield>
      <subfield code="B">GND-1008326275</subfield>
      <subfield code="C">024</subfield>
    </datafield>
  </record>